@article{1,
  author    = {Arvind Narayanan and
               Elaine Shi and
               Benjamin I. P. Rubinstein},
  title     = {Link Prediction by De-anonymization: How We Won the Kaggle Social
               Network Challenge},
  journal   = {CoRR},
  volume    = {abs/1102.4374},
  year      = {2011},
}
@inproceedings{2,
 author = {Backstrom, Lars and Dwork, Cynthia and Kleinberg, Jon},
 title = {Wherefore Art Thou R3579x?: Anonymized Social Networks, Hidden Patterns, and Structural Steganography},
 booktitle = {Proceedings of the 16th International Conference on World Wide Web},

 year = {2007},

 pages = {181--190},
 
} 
@inproceedings{3,
  author    = {Scott E. Coull and
               Michael P. Collins and
               Charles V. Wright and
               Fabian Monrose and
               Michael K. Reiter},
  title     = {On Web Browsing Privacy in Anonymized NetFlows},
  booktitle = {Proceedings of the 16th {USENIX} Security Symposium, Boston, MA, USA,
               August 6-10, 2007},
  year      = {2007},
}
@inproceedings{4,
 author = {Narayanan, Arvind and Shmatikov, Vitaly},
 title = {De-anonymizing Social Networks},
 booktitle = {Proceedings of the 2009 30th IEEE Symposium on Security and Privacy},
 series = {SP '09},
 year = {2009},
 
 pages = {173--187},
 
} 
